@STRING{LNCS = {LNCS}}
@STRING{SV = {Springer}}

@misc{PQClean,
  title = {PQClean: clean, portable, tested implementations of post-quantum cryptography},
  author = {Matthias Kannwischer and Joost Rijneveld and Peter Schwabe and Douglas Stebila and Thom Wiggers},
  url = {https://github.com/pqclean/pqclean},
}

@inproceedings{d2019decryption,
  title={Decryption failure attacks on IND-CCA secure lattice-based schemes},
  author={D’Anvers, Jan-Pieter and Guo, Qian and Johansson, Thomas and Nilsson, Alexander and Vercauteren, Frederik and Verbauwhede, Ingrid},
  booktitle={IACR International Workshop on Public Key Cryptography},
  pages={565--598},
  year={2019},
  organization={Springer}
}
@article{d2018impact,
  title={On the impact of decryption failures on the security of {LWE/LWR} based schemes.},
  author={D'Anvers, Jan-Pieter and Vercauteren, Frederik and Verbauwhede, Ingrid},
  journal={IACR Cryptol. ePrint Arch.},
  volume={2018},
  pages={1089},
  year={2018}
}
@inproceedings{d2019impact,
  title={The impact of error dependencies on {Ring/Mod-LWE/LWR} based schemes},
  author={D’Anvers, Jan-Pieter and Vercauteren, Frederik and Verbauwhede, Ingrid},
  booktitle={International Conference on Post-Quantum Cryptography},
  pages={103--115},
  year={2019},
  organization={Springer}
}

@inproceedings{BS20,
  author        = {Nina Bindel and John M. Schanck},
  title         = {Decryption Failure Is More Likely After Success},
  booktitle     = {Post-Quantum Cryptography},
  editor        = {Jintai Ding and Jean-Pierre Tillich},
  publisher     = SV,
  series        = LNCS,
  volume        = {12100},
  year          = {2020},
  pages         = {206--225},
  note          = {\url{https://eprint.iacr.org/2019/1392.pdf}},

}

@inproceedings{d2020one,
  title={(One) Failure Is Not an Option: Bootstrapping the Search for Failures in Lattice-Based Encryption Schemes},
  author={D’Anvers, Jan-Pieter and Rossi, M{\'e}lissa and Virdia, Fernando},
  booktitle={Annual International Conference on the Theory and Applications of Cryptographic Techniques},
  pages={3--33},
  year={2020},
  organization={Springer}
}

@misc{BKS19,
  author        = {Leon Botros and Matthias Kannwischer and Peter Schwabe},
  title         = {Memory-Efficient High-Speed Implementation of {Kyber} on {Cortex-M4}},
  booktitle     = {Progress in Cryptology -- {Africacrypt 2019}},
  editor        = {Johannes Buchmann and Abderrahmane Nitaj and Tajjeeddine Rachidi},
  publisher     = SV,
  series        = LNCS,
  volume        = {11627},
  year          = {2019},
  pages         = {209--228},
  note          = {\url{http://cryptojedi.org/papers/\#nttm4}},
}

@misc{ KRSS19,
  author        = {Matthias J. Kannwischer and Joost Rijneveld and Peter Schwabe and Ko Stoffelen},
  title         = {pqm4: Testing and Benchmarking {NIST PQC} on {ARM Cortex-M4}},
  howpublished  = {Workshop Record of the Second PQC Standardization Conference},
  year          = {2019},
  note          = {\url{https://cryptojedi.org/papers/\#pqm4}},
}

@article{AACF20,
  author        = {Erdem Alkim and Yusuf Alper Bilgin and Murat Cenk and G{\'e}rard, Fran\c{c}ois}, 
  title         = {Cortex-{M4} optimizations for \{{R,M}\}{LWE} schemes}, 
  journal       = {IACR Transactions on Cryptographic Hardware and Embedded Systems}, 
  publisher     = {Ruhr University Bochum},
  volume        = {2020}, 
  number        = {3}, 
  year          = {2020}, 
  pages         = {336--357},
  note          = {\url{https://tches.iacr.org/index.php/TCHES/article/view/8593}},
}

@inproceedings{mukherjee2020lattice,
  title={Lattice reduction for modules, or how to reduce modulesvp to modulesvp},
  author={Mukherjee, Tamalika and Stephens-Davidowitz, Noah},
  booktitle={Annual International Cryptology Conference},
  pages={213--242},
  year={2020},
  organization={Springer}
}


@inproceedings{liu2013solving,
  title={Solving BDD by enumeration: An update},
  author={Liu, Mingjie and Nguyen, Phong Q},
  booktitle={Cryptographers’ Track at the RSA Conference},
  pages={293--309},
  year={2013},
  organization={Springer}
}


@misc{ducas2020gpu,
    author = {Léo Ducas and Marc Stevens and Wessel van Woerden},
    title = {Advanced Lattice Sieving on {GPUs}, with Tensor Cores},
    howpublished = {Cryptology ePrint Archive, Report 2021/141},
    year = {2021},
    note = {\url{https://eprint.iacr.org/2021/141}},
}

@inproceedings{laarhoven2018progressive,
  title={Progressive lattice sieving},
  author={Laarhoven, Thijs and Mariano, Artur},
  booktitle={International Conference on Post-Quantum Cryptography},
  pages={292--311},
  year={2018},
  organization={Springer}
}


@techreport{albrecht2019estimating,
  title={Estimating quantum speedups for lattice sieves},
  author={Albrecht, Martin R and Gheorghiu, Vlad and Postlethwaite, Eamonn W and Schanck, John M},
  year={2019},
  institution={Cryptology ePrint Archive, Report 2019/1161}
}


@inproceedings{yu2017second,
  title={Second order statistical behavior of LLL and BKZ},
  author={Yu, Yang and Ducas, L{\'e}o},
  booktitle={International Conference on Selected Areas in Cryptography},
  pages={3--22},
  year={2017},
  organization={Springer}
}


@inproceedings{albrecht2018estimate,
  title={Estimate all the $\{$LWE, NTRU$\}$ schemes!},
  author={Albrecht, Martin R and Curtis, Benjamin R and Deo, Amit and Davidson, Alex and Player, Rachel and Postlethwaite, Eamonn W and Virdia, Fernando and Wunderer, Thomas},
  booktitle={International Conference on Security and Cryptography for Networks},
  pages={351--367},
  year={2018},
  organization={Springer}
}

@inproceedings{dachman2020lwe,
  author        = {Dana Dachman-Soled and L{\'e}o Ducas and Huijing Gong and M{\'e}lissa Rossi},
  title         = {LWE with Side Information: Attacks and Concrete Security Estimation.},
  booktitle     = {Advances in Cryptology -- {CRYPTO} 2020},
  editor        = {Daniele Micciancio and Thomas Ristenpart},
  publisher     = SV,
  series        = LNCS,
  volume        = {12171},
  year          = {2020},
  pages         = {329--358},
  note          = {\url{https://eprint.iacr.org/2020/292.pdf}},
}

@inproceedings{ducas2018shortest,
  title={Shortest vector from lattice sieving: a few dimensions for free},
  author={Ducas, L{\'e}o},
  booktitle={Annual International Conference on the Theory and Applications of Cryptographic Techniques},
  pages={125--145},
  year={2018},
  organization={Springer}
}

@inproceedings{albrecht2019general,
  title={The general sieve kernel and new records in lattice reduction},
  author={Albrecht, Martin R and Ducas, L{\'e}o and Herold, Gottfried and Kirshanova, Elena and Postlethwaite, Eamonn W and Stevens, Marc},
  booktitle={Annual International Conference on the Theory and Applications of Cryptographic Techniques},
  pages={717--746},
  year={2019},
  organization={Springer}
}


@misc{BGRR19,
  author        = {Aur\'elie Bauer and Henri Gilbert and Gu\'ena\"el Renault and M\'elissa Rossi},
  title         = {Assessment of the Key-Reuse Resilience of NewHope},
  howpublished  = {{IACR} Cryptology ePrint Archive report 2019/075},
  year          = {2019},
  note          = {\url{https://eprint.iacr.org/2019/075.pdf}},
}

@misc{AVV18,
  author        = {Jan-Pieter D’Anvers and Frederik Vercauteren and Ingrid Verbauwhede},
  title         = {On the impact of decryption failures on the security of {LWE/LWR} based schemes},
  howpublished  = {{IACR} Cryptology ePrint Archive report 2018/1089},
  year          = {2018},
  note          = {\url{https://eprint.iacr.org/2018/1089}},
}

@misc{ZXZ+18,
  author        = {Shuai Zhou and Haiyang Xue and Daode Zhang and Kunpeng Wang and Xianhui Lu and Bao Li and Jingnan He},
  title         = {Preprocess-then-NTT Technique and Its Applications to {KYBER} and {NEWHOPE}},
  howpublished  = {{IACR} Cryptology ePrint Archive report 2018/995},
  year          = {2018},
  note          = {\url{https://eprint.iacr.org/2018/995}}
}

@misc{RRB+18,
  author        = {Prasanna Ravi and Debapriya Basu Roy and Shivam Bhasin and Anupam Chattopadhyay and Debdeep Mukhopadhyay},
  title         = {Number ``Not Used'' Once - Practical fault attack on pqm4 implementations of NIST candidates},
  howpublished  = {{IACR} Cryptology ePrint Archive report 2018/211},
  year          = {2018},
  note          = {\url{https://eprint.iacr.org/2018/211}}
}

@inproceedings{HSH+08,
  author        = {J. Alex Halderman and Seth D. Schoen and Nadia Heninger and William Clarkson and William Paul and 
                   Joseph A. Calandrino and Ariel J. Feldman and Jacob Appelbaum and Edward W. Felten},
  title         = {Lest We Remember: Cold Boot Attacks on Encryption Keys},
  booktitle     = {Proceedings of the 17th USENIX Security Symposium},
  publisher     = {USENIX Association},
  year          = {2008},
  pages         = {45--60},
  note          = {\url{https://www.usenix.org/legacy/event/sec08/tech/full_papers/halderman/halderman.pdf}},
}

@Article{LS19,
author = {Vadim Lyubashevsky and Gregor Seiler},
title = {{NTTRU}: Truly Fast {NTRU} Using {NTT}},
journal = {TCHES},
year = {2019},
note = {\url{https://eprint.iacr.org/2019/040}},
}


@article{ADP18,
  author        = {Martin R. Albrecht and Amit Deo and Kenneth G. Paterson},
  title         = {Cold Boot Attacks on Ring and Module {LWE} Keys Under the {NTT}},
  journal       = {Transactions on Cryptographic Hardware and Embedded Systems},
  publisher     = {Ruhr University Bochum},
  volume        = {2018}, 
  number        = {3},
  year          = {2018},
  pages         = {173--213},
  note          = {https://doi.org/10.13154/tches.v2018.i3.173-213},
}

@misc{BDPV11,
  author        = {Guido Bertoni and Joan Daemen and Micha\"el Peeters and Gilles Van Assche},
  title         = {The {Keccak} reference},
  howpublished  = {Submission to the NIST SHA-3 competition},
  year          = {2011},
  note          = {\url{https://keccak.team/files/Keccak-reference-3.0.pdf}},
}

@inproceedings{ BDK+18,
  author        = {Joppe Bos and L\'eo Ducas and Eike Kiltz and Tancr\`ede Lepoint and 
                   Vadim Lyubashevsky and John M. Schanck and Peter Schwabe and Damien Stehl\'e},
  title         = {{CRYSTALS -- Kyber}: a {CCA}-secure module-lattice-based {KEM}},
  booktitle     = {2018 IEEE European Symposium on Security and Privacy, EuroS\&P 2018},
  publisher     = {IEEE},
  year          = {2018},
  note          = {To appear. \url{https://eprint.iacr.org/2017/634}},
}

@inproceedings{DBLP:conf/crypto/ApplebaumCPS09,
  author    = {Benny Applebaum and
               David Cash and
               Chris Peikert and
               Amit Sahai},
  title     = {Fast Cryptographic Primitives and Circular-Secure Encryption Based
               on Hard Learning Problems},
  booktitle = {Advances in Cryptology - {CRYPTO} 2009, 29th Annual International
               Cryptology Conference, Santa Barbara, CA, USA, August 16-20, 2009.
               Proceedings},
  pages     = {595--618},
  year      = {2009},
}

@misc{ARM17,
  author        = {Matthew Gretton-Dann},
  title         = {Introducing 2017’s extensions to the {Arm} Architecture},
  year          = {2017},
  note          = {\url{https://community.arm.com/processors/b/blog/posts/introducing-2017s-extensions-to-the-arm-architecture}},
}

@inproceedings{DBLP:conf/tcc/LyubashevskyPS10,
  author    = {Vadim Lyubashevsky and
               Adriana Palacio and
               Gil Segev},
  title     = {Public-Key Cryptographic Primitives Provably as Secure as Subset Sum},
  booktitle = {Theory of Cryptography, 7th Theory of Cryptography Conference, {TCC}
               2010, Zurich, Switzerland, February 9-11, 2010. Proceedings},
  pages     = {382--400},
  year      = {2010},
}

@misc{Lan17,
  author        = {Adam Langley},
  title         = {Maybe skip {SHA-3}},
  howpublished  = {Blog post on ImperialViolet},
  year          = {2017},
  note          = {\url{https://www.imperialviolet.org/2017/05/31/skipsha3.html}},
}

@inproceedings{DBLP:conf/focs/Alekhnovich03,
  author    = {Michael Alekhnovich},
  title     = {More on Average Case vs Approximation Complexity},
  booktitle = {44th Symposium on Foundations of Computer Science {(FOCS} 2003), 11-14
               October 2003, Cambridge, MA, USA, Proceedings},
  pages     = {298--307},
  year      = {2003},
}

@incollection{howgrave2007hybrid,
  author        = {Nick Howgrave-Graham},
  title         = {A hybrid lattice-reduction and meet-in-the-middle attack against {NTRU}},
  booktitle     = {Advances in Cryptology -- {CRYPTO 2007}},
  editor        = {Alfred Menezes},
  publisher     = SV,
  series        = LNCS,
  volume        = {4622},
  pages         = {150--169},
  year          = {2007},
  note          = {\url{http://www.iacr.org/archive/crypto2007/46220150/46220150.pdf}}
}

@inproceedings{ BLS12,
  author        = {Daniel J. Bernstein and Tanja Lange and Peter Schwabe},
  title         = {The security impact of a new cryptographic library},
  booktitle     = {Progress in Cryptology -- {LATINCRYPT 2012}},
  editor        = {Alejandro Hevia and Gregory Neven},       
  publisher     = SV,
  series        = LNCS,
  volume        = {7533},
  year          = {2012},
  pages         = {159--176},
  note          = {\url{http://cryptojedi.org/papers/\#coolnacl}},
}

@inproceedings{BHLY16,
  author        = {Leon Groot Bruinderink and Andreas H\"ulsing and Tanja Lange and Yuval Yarom},
  title         = {{Flush, Gauss, and Reload} -- A Cache Attack on the {BLISS} Lattice-Based Signature Scheme},
  booktitle     = {Cryptographic Hardware and Embedded Systems -- {CHES 2016}},
  editor        = {Benedikt Gierlichs and Axel Poschmann},
  publisher     = SV,
  series        = LNCS,
  volume        = {9813},
  year          = {2016},
  pages         = {323--345},
  note          = {\url{https://eprint.iacr.org/2016/300}},
}

@misc{Alb17,
  author        = {Martin Albrecht},
  title         = {Security Estimates for the Learning with Errors Problem},
  year          = {2017},
  note          = {Version 2017-09-27, \url{https://bitbucket.org/malb/lwe-estimator}},
}

@misc{AD17,
  author        = {Martin Albrecht and Amit Deo},
  title         = {Large Modulus {R}ing-{LWE} $\geq$ {M}odule-{LWE}},
  booktitle     = {Advances in Cryptology -- {ASIACRYPT 2017}},
  editor        = {Tsuyoshi Takagi and Thomas Peyrin},
  publisher     = SV,
  series        = LNCS,
  volume        = {10624},
  year          = {2017},
  note          = {To appear. \url{https://eprint.iacr.org/2017/612}},
}

@inproceedings{PPM17,
  author        = {Robert Primas and Peter Pessl and Stefan Mangard},
  title         = {Single-Trace Side-Channel Attacks on Masked Lattice-Based Encryption},
  booktitle     = {Cryptographic Hardware and Embedded Systems -- {CHES 2017}},
  editor        = {Wieland Fischer and Naofumi Homma},
  publisher     = SV,
  series        = LNCS,
  volume        = {10529},
  year          = {2017},
  pages         = {513--533},
  note          = {\url{https://eprint.iacr.org/2017/594}},
}

@inproceedings{ ADPS16,
  author        = {Erdem Alkim and L\'eo Ducas and Thomas P\"oppelmann and Peter Schwabe},
  title         = {Post-quantum key exchange -- a new hope},
  booktitle     = {Proceedings of the 25th USENIX Security Symposium},
  publisher     = {USENIX Association},
  year          = {2016},
  pages         = {327--343},
  note          = {\url{http://cryptojedi.org/papers/\#newhope}},
}


@misc{Eurocrypt2010PeikertSlides,
  author        = {Vadim Lyubashevsky and Chris Peikert and Oded Regev},
  title         = {On Ideal Lattices and Learning With Errors Over Rings},
  howpublished  = {Slides of the talk given by Chris Peikert at Eurocrypt 2010},
  year          = {2010},
  note          = {\url{http://crypto.rd.francetelecom.com/events/eurocrypt2010/talks/slides-ideal-lwe.pdf}},
}

@inproceedings{Bat68,
  author        = {Kenneth E. Batcher},
  title         = {Sorting networks and their applications},
  booktitle     = {AFIPS conference proceedings, volume 32: 1968 Spring Joint Computer Conference},
  publisher     = {Thompson Book Company},
  year          = {1968},
  pages         = {307--314},
  note          = {\url{http://www.cs.kent.edu/~batcher/conf.html}},
}

@misc{Bur16,
  author        = {Jeff Burdges},
  title         = {Post-Quantum Secure Hybrid Handshake Based on {NewHope}},
  howpublished  = {Posting to the tor-dev mailing list},
  year          = {2016},
  note          = {\url{https://lists.torproject.org/pipermail/tor-dev/2016-May/010886.html}},
}

@misc{Ang16,
  author        = {Yawning Angel},
  title         = {Post-Quantum Secure Hybrid Handshake Based on {NewHope}},
  howpublished  = {Posting to the tor-dev mailing list},
  year          = {2016},
  note          = {\url{https://lists.torproject.org/pipermail/tor-dev/2016-May/010896.html}},
}
	

@misc{BSV15,
  author        = {Daniel J. Bernstein and Peter Schwabe and Gilles Van Assche},
  title         = {Tweetable {FIPS} 202},
  year          = {2015},
  note          = {\url{https://keccak.team/2015/tweetfips202.html} (accessed 2017-11-29)}
}

@misc{LHT16,
  author        = {Adam Langley and Michael Hamburg and Sean Turner},
  title         = {{RFC} 7748: Elliptic Curves for Security},
  year          = {2016},
  note          = {\url{https://www.rfc-editor.org/rfc/rfc7748.txt}},
}

@article{GK14,
  author        = {Shay Gueron and Vlad Krasnov},
  title         = {Fast prime field elliptic-curve cryptography with 256-bit primes},
  journal       = {Journal of Cryptographic Engineering},
  volume        = {5},
  number        = {2}, 
  year          = {2014},
  pages         = {141--151},
  note          = {\url{https://eprint.iacr.org/2013/816}},
}

@inproceedings{Ber06,
  author        = {Daniel J. Bernstein},
  title         = {Curve25519: new {D}iffie-{H}ellman speed records},
  booktitle     = {Public Key Cryptography -- {PKC 2006}},
  editor        = {Moti Yung and Yevgeniy Dodis and Aggelos Kiayias and Tal Malkin},
  publisher     = SV,
  series        = LNCS,
  volume        = {3958},
  year          = {2006},
  pages         = {207--228},
  note          = {\url{http://cr.yp.to/papers.html\#curve25519}},
}

@misc{tor,
  key           = {Tor},
  title         = {Tor Project: Anonymity Online},
  note          = {\url{https://www.torproject.org}},
}

@misc{agl14,
  author        = {Adam Langley},
  title         = {{TLS} Symmetric Crypto},
  howpublished  = {Blog post on imperialviolet.org},
  year          = {2014},
  note          = {\url{https://www.imperialviolet.org/2014/02/27/tlssymmetriccrypto.html} (accessed 2015-10-07)},
}

@misc{ietf,
  author        = {Adam Langley and Wan-Teh Chang},
  title         = {{ChaCha20} and {Poly1305} based Cipher Suites for {TLS}: Internet Draft},
  note          = {\url{https://tools.ietf.org/html/draft-agl-tls-chacha20poly1305-04} (accessed 2015-02-01)},
}

@inproceedings{Ber08,
  author        = {Daniel J. Bernstein},
  title         = {{ChaCha}, a variant of {Salsa20}},
  booktitle     = {Workshop Record of {SASC 2008}: The State of the Art of Stream Ciphers},
  year          = {2008},
  note          = {\url{http://cr.yp.to/papers.html\#chacha}},
}

@inproceedings{Bar87,
  author        = {Paul Barrett},
  title         = {Implementing the {Rivest} {Shamir} and {Adleman} Public Key Encryption Algorithm on a Standard Digital Signal Processor},
  booktitle     = {Advances in Cryptology -- {CRYPTO '86}},
  editor        = {Andrew M. Odlyzko},
  series        = {Lecture Notes in Computer Science},
  publisher     = {Springer-Verlag Berlin Heidelberg},
  volume        = {263},
  year          = {1987},
  pages         = {311--323},
  note          = {\url{https://link.springer.com/chapter/10.1007/3-540-47721-7_24}}
}

@article{Mon85,
  author        = {Peter L. Montgomery},
  title         = {Modular Multiplication Without Trial Division},
  journal       = {Mathematics of Computation},
  publisher     = {American Mathematical Society},
  year          = {1985},
  volume        = {44},
  number        = {170},
  pages         = {519--521},
  note          = {\url{http://www.ams.org/journals/mcom/1985-44-170/S0025-5718-1985-0777282-X/S0025-5718-1985-0777282-X.pdf}},
}

@misc{ebacs,
  author        = {Daniel J. Bernstein and Tanja Lange},
  title         = {{eBACS}: {ECRYPT} Benchmarking of Cryptographic Systems},
  note          = {\url{http://bench.cr.yp.to} (accessed 2015-10-07)},
}

@inproceedings{Bernstein2015sphincs,
  author        = {Daniel J. Bernstein and Daira Hopwood and Andreas H{\"{u}}lsing and Tanja Lange and Ruben Niederhagen and
                  Louiza Papachristodoulou and Michael Schneider and Peter Schwabe and Zooko Wilcox{-}O'Hearn},
  title         = {{SPHINCS:} Practical Stateless Hash-Based Signatures},
  booktitle     = {Advances in Cryptology -- {EUROCRYPT 2015}},
	editor        = {Elisabeth Oswald and Marc Fischlin},
  publisher     = SV,
	series        = LNCS,
  volume        = {9056},
  year          = {2015},
	pages         = {368--397},
  note          = {\url{https://cryptojedi.org/papers/\#sphincs}},
}

@inproceedings{BCLS14,
  author        = {Daniel J. Bernstein and Chitchanok Chuengsatiansup and Tanja Lange and Peter Schwabe},
  title         = {Kummer strikes back: new {DH} speed records},
  booktitle     = {Advances in Cryptology -- {EUROCRYPT 2015}}, 
  editor        = {Tetsu Iwata and Palash Sarkar},
  publisher     = SV,
  series        = LNCS,
  volume        = {8873},
  year          = {2014},
  pages         = {317--337},
  note          = {full version: \url{http://cryptojedi.org/papers/\#kummer}},
}

@inproceedings{GS66,
  author        = {W. M. Gentleman and G. Sande},
  title         = {Fast {Fourier} Transforms: for fun and profit},
  booktitle     = {Fall Joint Computer Conference},
  series        = {AFIPS Proceedings},
  volume        = {29},
  year          = {1966},
  pages         = {563--578},                
  note          = {\url{http://cis.rit.edu/class/simg716/FFT_Fun_Profit.pdf}},
}

@misc{fips202,
  author        = {{{National Institute of Standards and Technology}}},
  title         = {{FIPS PUB 202} -- {SHA-3} Standard: Permutation-Based Hash and Extendable-Output Functions},
  year          = {2015},
  note          = {\url{http://nvlpubs.nist.gov/nistpubs/FIPS/NIST.FIPS.202.pdf}},
}

@inproceedings{AG11,
  author        = {Sanjeev Arora and Rong Ge},
  title         = {New algorithms for learning in presence of errors},
  booktitle     = {Automata, Languages and Programming},
  editor        = {Luca Aceto and Monika Henzingeri and Ji\v{r}\'i Sgall},
  publisher     = SV,
  series        = LNCS,
  volume        = {6755},
  year          = {2011},
  pages         = {403--415},
  note          = {\url{https://www.cs.duke.edu/~rongge/LPSN.pdf}},
}

@inproceedings{LPR10,
  author        = {Vadim Lyubashevsky and Chris Peikert and Oded Regev},
  title         = {On Ideal Lattices and Learning with Errors over Rings},
  booktitle     = {Advances in Cryptology -- {EUROCRYPT 2010}},
  editor        = {Henri Gilbert},
  publisher     = SV,
  series        = LNCS,
  volume        = {6110},
  year          = {2010},
  pages         = {1--23},
  note          = {\url{http://www.iacr.org/archive/eurocrypt2010/66320288/66320288.pdf}},
}

@inproceedings{LMPR08,
  author        = {Vadim Lyubashevsky and Daniele Micciancio and Chris Peikert and Alon Rosen},
  title         = {{SWIFFT:} {A} Modest Proposal for {FFT} Hashing},
  booktitle     = {Fast Software Encryption -- {FSE} 2008,},
  editor        = {Kaisa Nyberg},
  publisher     = SV,
  series        = LNCS,
  volume        = {5086},
  year          = {2008},
  pages         = {54--72},
  note          = {\url{https://www.eecs.harvard.edu/~alon/PAPERS/lattices/swifft.pdf}},
}

@inproceedings{GOPS13,
  author        = {Tim G\"uneysu and Tobias Oder and Thomas P\"oppelmann and Peter Schwabe},
  title         = {Software speed records for lattice-based signatures},
  booktitle     = {Post-Quantum Cryptography},
  editor        = {Philippe Gaborit},
  publisher     = SV,
  series        = LNCS,
  volume        = {7932},
  year          = {2013},
  pages         = {67--82},
  note          = {\url{http://cryptojedi.org/papers/\#lattisigns}},
}

@inproceedings{hoffstein1998ntru,
  author        = {Jeffrey Hoffstein and Jull Pipher and Joseph H. Silverman},
  title         = {{NTRU:} A ring-based public key cryptosystem},
  booktitle     = {Algorithmic number theory},
  editor        = {Joe P. Buhler},
  publisher     = SV,
  series        = LNCS,
  volume        = {1423},
  year          = {1998},
  pages         = {267--288},
  note          = {\url{https://www.securityinnovation.com/uploads/Crypto/ANTS97.ps.gz}},
}

@inproceedings{stehle2011ntru,
  author        = {Damien Stehl{\'e} and Ron Steinfeld},
  title         = {Making {NTRU} as secure as worst-case problems over ideal lattices},
  booktitle     = {Advances in Cryptology -- {EUROCRYPT 2011}},
  editor        = {Kenneth G. Paterson},
  publisher     = SV,
  series        = LNCS,
  volume        = {6632},
  year          = {2011},
  pages         = {27--47},
  note          = {\url{http://www.iacr.org/archive/eurocrypt2011/66320027/66320027.pdf}},
}

@inproceedings{ducas2013bliss,
  author        = {L{\'e}o Ducas and Alain Durmus and Tancr{\`e}de Lepoint and Vadim Lyubashevsky},
  title         = {Lattice signatures and bimodal {Gaussians}},
  booktitle     = {Advances in Cryptology -- {CRYPTO 2013}},
  editor        = {Ran Canetti and Juan A. Garay},
  publisher     = SV,
  series        = LNCS,
  volume        = {8042},
  year          = {2013},
  pages         = {40--56},
  note          = {\url{http://www.iacr.org/archive/crypto2013/80420210/80420210.pdf}},
}

@inproceedings{hoffstein2014pass,
  author        = {Jeff Hoffstein and Jill Pipher and John M. Schanck and Joseph H. Silverman and William Whyte},
  title         = {Practical signatures from the partial {Fourier} recovery problem},
  booktitle     = {Applied Cryptography and Network Security},
  editor        = {Ioana Boureanu and Philippe Owesarski and Serge Vaudenay},
  publisher     = SV,
  series        = LNCS,
  volume        = {8479},
  year          = {2014},
  pages         = {476--493},
  note          = {\url{https://eprint.iacr.org/2013/757}},
}

@inproceedings{bos2014PQTLS,
  author        = {Joppe W. Bos and Craig Costello and Michael Naehrig and Douglas Stebila},
  title         = {Post-quantum key exchange for the {TLS} protocol from the ring learning with errors problem},
  booktitle     = {2015 {IEEE} Symposium on Security and Privacy},
  year          = {2015},
  pages         = {553--570},
  note          = {\url{https://eprint.iacr.org/2014/599}},
}

@inproceedings{PQCRYPTO:P14,
  author        = {Chris Peikert},
  title         = {Lattice cryptography for the {Internet}},
  booktitle     = {Post-Quantum Cryptography},
  editor        = {Michele Mosca},
  publisher     = SV,
  series        = LNCS,
  volume        = {8772},
  year          = {2014},
  pages         = {197--219},
  note          = {\url{http://web.eecs.umich.edu/~cpeikert/pubs/suite.pdf}},
}

@inproceedings{lyubashevsky2012signature,
  author        = {Vadim Lyubashevsky},
  title         = {Lattice signatures without trapdoors},
  booktitle     = {Advances in Cryptology -- {EUROCRYPT 2012}},
  editor        = {David Pointcheval and Thomas Johansson},
  publisher     = SV,
  series        = LNCS,
  volume        = {7237},
  year          = {2012},
  pages         = {738--755},
  note          = {\url{http://www.iacr.org/archive/eurocrypt2012/72370731/72370731.pdf}},
}


@inproceedings{micciancio2013small,
  author        = {Daniele Micciancio and Chris Peikert},
  title         = {Hardness of {SIS} and {LWE} with small parameters},
  booktitle     = {Advances in Cryptology -- {CRYPTO 2013}},
  editor        = {Ran Canetti and Juan A. Garay},
  publisher     = SV,
  series        = LNCS,
  volume        = {8042},
  pages         = {21--39},
  year          = {2013},
  note          = {\url{http://www.iacr.org/archive/crypto2013/80420136/80420136.pdf}},
}

@inproceedings{dottling2013lossy,
  author        = {D{\"o}ttling, Nico and M{\"u}ller-Quade, J{\"o}rn},
  title         = {Lossy codes and a new variant of the learning-with-errors problem},
  booktitle     = {Advances in Cryptology -- {EUROCRYPT 2013}},
  editor        = {Thomas Johansson and Phong Q. Nguyen},
  publisher     = SV,
  series        = LNCS,
  volume        = {7881},
  year          = {2013},
  pages         = {18--34},
  note          = {\url{http://www.iacr.org/archive/eurocrypt2013/78810018/78810018.pdf}},
}

@inproceedings{bai2015renyi,
  author        = {Shi Bai and Adeline Langlois and Tancr{\`e}de Lepoint and Damien Stehl\'e and Ron Steinfeld},
  title         = {Improved security proofs in lattice-based cryptography: using the {R\'enyi} divergence rather than the statistical distance},
  booktitle     = {Advances in Cryptology -- {ASIACRYPT 2015}},
  editor        = {Tetsu Iwata and Jung Hee Cheon},
  publisher     = SV,
  series        = LNCS,
  year          = {2015},
  pages         = {3--24},
  note          = {\url{https://eprint.iacr.org/2015/483}},
}

@inproceedings{rrnyi1961measures,
  author        = {R\'enyi, Alfr\'ed},
  title         = {On measures of entropy and information},
  booktitle     = {Fourth Berkeley symposium on mathematical statistics and probability},
  volume        = {1},
  year          = {1961},
  pages         = {547--561},
  note          = {\url{http://projecteuclid.org/ euclid.bsmsp/1200512181}},
}

@inproceedings{zhang2015Kex,
  author        = {Jiang Zhang and Zhenfeng Zhang and Jintai Ding and Michael Snook and {\"{O}}zg{\"{u}}r Dagdelen},
  title         = {Authenticated Key Exchange from Ideal Lattices},
  booktitle     = {Advances in Cryptology -- {EUROCRYPT 2015}},
  editor        = {Elisabeth Oswald and Marc Fischlin},
  publisher     = SV,
  series        = LNCS,
  volume        = {9057},
  year          = {2015},
  pages         = {719--751},
  note          = {\url{https://eprint.iacr.org/2014/589}},
}

@inproceedings{Poppelmann2013hwrlwe,
  author        = {Thomas P{\"{o}}ppelmann and Tim G{\"{u}}neysu},
  title         = {Towards Practical Lattice-Based Public-Key Encryption on Reconfigurable Hardware},
  booktitle     = {Selected Areas in Cryptography -- {SAC 2013}},
  editor        = {Tanja Lange and Kristin Lauter and Petr Lison\v{e}k},
  publisher     = SV,
  series        = LNCS,
  volume        = {8282},
  year          = {2013},
  pages         = {68--85},
  note          = {\url{https://www.ei.rub.de/media/sh/veroeffentlichungen/2013/08/14/lwe_encrypt.pdf}},
}

@inproceedings{Clercq2015swrlwe,
  author        = {Ruan de Clercq and Sujoy Sinha Roy and Frederik Vercauteren and Ingrid Verbauwhede},
  title         = {Efficient software implementation of {ring-LWE} encryption},
  booktitle     = {Design, Automation {\&} Test in Europe Conference {\&} Exhibition, {DATE} 2015},
  publisher     = {EDA Consortium},
  year          = {2015},
  pages         = {339--344},
  note          = {\url{https://eprint.iacr.org/2014/725}},
}

@inproceedings{roy2014processor,
  author        = {Sujoy Sinha Roy and Frederik Vercauteren and Nele Mentens and Donald Donglong Chen and Ingrid Verbauwhede},
  title         = {Compact {Ring-LWE} Cryptoprocessor},
  booktitle     = {Cryptographic Hardware and Embedded Systems -- {CHES 2014}},
  editor        = {Lejla Batina and Matthew Robshaw },
  publisher     = SV,
  series        = LNCS,
  volume        = {8731},
  year          = {2014},
  pages         = {371--391},
  note          = {\url{http://www.iacr.org/archive/ches2014/87310183/87310183.pdf}},
}

@inproceedings{liu2015avrlwe,
  author        = {Zhe Liu and Hwajeong Seo and Sujoy Sinha Roy and Johann Gro{\ss}sch{\"{a}}dl and Howon Kim and Ingrid Verbauwhede},
  title         = {Efficient {Ring-LWE} Encryption on 8-Bit {AVR} Processors},
  booktitle     = {Cryptographic Hardware and Embedded Systems - {CHES 2015}},
	editor        = {Tim G{\"{u}}neysu and Helena Handschuh},
  publisher     = SV,
  series        = LNCS,
  volume        = {9293},
  year          = {2015},
  pages         = {663--682},
  note          = {\url{https://eprint.iacr.org/2015/410}},
}

@inproceedings{CFN+14,
  author        = {Stephen Checkoway and Matthew Fredrikson and Ruben Niederhagen and Adam Everspaugh and Matthew Green and 
                   Tanja Lange and Thomas Ristenpart and Daniel J. Bernstein and Jake Maskiewicz and Hovav Shacham},
  title         = {On the practical exploitability of {Dual EC} in {TLS} implementations},
  booktitle     = {Proceedings of the 23rd USENIX security symposium},
  year          = {2014},
  note          = {\url{https://projectbullrun.org/dual-ec/index.html}},
}

@article{babai1986lovasz,
  author        = {Babai, L{\'a}szl{\'o}},
  title         = {On {Lov{\'a}sz’} lattice reduction and the nearest lattice point problem},
  journal       = {Combinatorica},
  volume        = {6},
  number        = {1},
  year          = {1986},
  pages         = {1--13},
  note          = {\url{http://www.csie.nuk.edu.tw/~cychen/Lattices/On\%20lovasz\%20lattice\%20reduction\%20and\%20the\%20nearest\%20lattice\%20point\%20problem.pdf}},
}

@inproceedings{RSA:BaiGal14,
  author        = {Shi Bai and Steven D. Galbraith},
  title         = {An Improved Compression Technique for Signatures Based on Learning with Errors},
  booktitle     = {Topics in Cryptology -- {CT-RSA 2014}},
  editor        = {Josh Benaloh},
  publisher     = SV,
  series        = LNCS,
  volume        = {8366},
  year          = {2014},
  pages         = {28--47},
  note          = {\url{https://eprint.iacr.org/2013/838}},
}

@article{dwarakanath2014sampling,
  author        = {Nagarjun C. Dwarakanath and Steven D. Galbraith},
  title         = {Sampling from discrete {Gaussians} for lattice-based cryptography on a constrained device},
  journal       = {Applicable Algebra in Engineering, Communication and Computing},
  volume        = {25},
  number        = {3},
  year          = {2014},
  pages         = {159--180},
  note          = {\url{https://www.math.auckland.ac.nz/~sgal018/gen-gaussians.pdf}},
}

@inproceedings{dagdelen2013fiatquantum,
  author        = {{\"{O}}zg{\"{u}}r Dagdelen and Marc Fischlin and Tommaso Gagliardoni},
  title         = {The {Fiat-Shamir} Transformation in a Quantum World},
  booktitle     = {Advances in Cryptology - {ASIACRYPT 2013}}, 
  editor        = {Kazue Sako and Palash Sarkar},
	series        = LNCS,
  publisher     = SV,
  volume        = {8270},	
  year          = {2013},
  pages         = {62--81},
  note          = {\url{https://eprint.iacr.org/2013/245}},
}

@inproceedings{Poppelmann2014hwbliss,
  author        = {Thomas P{\"{o}}ppelmann and L{\'{e}}o Ducas and Tim G{\"{u}}neysu},
  title         = {Enhanced Lattice-Based Signatures on Reconfigurable Hardware},
  booktitle     = {Cryptographic Hardware and Embedded Systems -- {CHES 2014}},
	editor        = {Lejla Batina and Matthew Robshaw},
  series        = LNCS,
  publisher     = SV,
  volume        = {8731},
  year          = {2014},
  pages         = {353--370},
  note          = {\url{https://eprint.iacr.org/2014/254}},
}

@inproceedings{Gottert2012biglwe,
  author        = {Norman G{\"{o}}ttert and Thomas Feller and Michael Schneider and Johannes A. Buchmann and Sorin A. Huss},
  title         = {On the Design of Hardware Building Blocks for Modern Lattice-Based Encryption Schemes},
  booktitle     = {Cryptographic Hardware and Embedded Systems - {CHES 2012}},
	editor        = {Emmanuel Prouff and Patrick Schaumont},
  publisher     = SV,
	series        = LNCS,
  volume        = {7428},
  year          = {2012},
  pages         = {512--529},
  note          = {\url{http://www.iacr.org/archive/ches2012/74280511/74280511.pdf}},
}
 
@book{ChGeFftBlackBox00,
  author        = {Eleanor Chu and Alan George},
  title         = {Inside the {FFT} Black Box Serial and Parallel Fast {Fourier} Transform Algorithms},
  publisher     = {CRC Press},
  year          = {2000},
}

@inproceedings{lindner2011lweattack,
  author        = {Richard Lindner and Chris Peikert},
  title         = {Better Key Sizes (and Attacks) for {LWE}-Based Encryption},
  booktitle     = {Topics in Cryptology - {CT-RSA 2011}},
	editor        = {Aggelos Kiayias},
  publisher     = SV,
  series        = LNCS,
  volume        = {6558},
  year          = {2011},
  pages         = {319--339},
  note          = {\url{https://eprint.iacr.org/2010/613}},
}


@misc{galbraith2013space,
  author        = {Steven D. Galbraith},
  title         = {Space-efficient variants of cryptosystems based on learning with errors},
  year          = {2013},
  note          = {\url{https://www.math.auckland.ac.nz/~sgal018/compact-LWE.pdf}},
}

@article{nussbaumer1980fast,
  author        = {Henri J. Nussbaumer},
  title         = {Fast polynomial transform algorithms for digital convolution},
  journal       = {IEEE Transactions on Acoustics, Speech and Signal Processing},
  publisher     = {IEEE},
  volume        = {28},
  number        = {2},
  year          = {1980},
  pages         = {205--215},
}

@inproceedings{gama2010pruning,
  author        = {Gama, Nicolas and Nguyen, Phong Q and Regev, Oded},
  title         = {Lattice enumeration using extreme pruning},
  booktitle     = {Advances in Cryptology -- {EUROCRYPT 2010}},
  editor        = {Henri Gilbert},
  publisher     = SV,
  series        = LNCS,
  volume        = {6110},
  year          = {2010},
  pages         = {257--278},
  note          = {\url{http://www.iacr.org/archive/eurocrypt2010/66320257/66320257.pdf}},
}

@misc{NSA_Suiteb,
  author        = {{National Security Agency}},
  title         = {{NSA} Suite {B} Cryptography},
  note          = {\url{https://www.nsa.gov/ia/programs/suiteb_cryptography/}, Updated on August 19, 2015}
}

@misc{Pei09b,
  author        = {Chris Peikert},
  title         = {Public-key cryptosystems from the worst-case shortest vector problem},
  year          = {2009},
  note          = {\url{https://web.eecs.umich.edu/~cpeikert/pubs/svpcrypto.pdf} (full version of~\cite{Pei09a})},
}

@unpublished{cade2013fplll,
  author        = {The {FPLLL} development team},
  title         = {{fplll}, a lattice reduction library},
  year          = {2017},
  note          = {Available at \url{https://github.com/fplll/fplll}}
}

@misc{nist_workshop,
  author        = {{National Institute of Standards and Technology}},
  title         = {Workshop on Cybersecurity in a Post-Quantum World},
  year          = {2015},
  note          = {\url{http://www.nist.gov/itl/csd/ct/post-quantum-crypto-workshop-2015.cfm}}
}

@inproceedings{kirchner2015bkw,
  author        = {Paul Kirchner and Pierre-Alain Fouque},
  title         = {An Improved {BKW} Algorithm for {LWE} with Applications to Cryptography and Lattices},
  booktitle     = {Advances in Cryptology -- {CRYPTO 2015}},
  editor        = {Rosario Gennaro and Matthew Robshaw},
  publisher     = SV,
  series        = LNCS,
  volume        = {9215},
  year          = {2015},
  pages         = {43--62},
  note          = {\url{http://www.iacr.org/archive/crypto2015/92160264/92160264.pdf}},
}

@book{conway2013sphere,
  author        = {Jon Conway and Neil J. A. Sloane},
  title         = {Sphere packings, lattices and groups},
  publisher     = {Springer Science \& Business Media},
  series        = {Grundlehren der mathematischen Wissenschaften},
  edition       = {3rd},
  volume        = {290},
  year          = {1999},
}

@misc{dimensions,
  author        = {Jos Leys and \'Etienne Ghys and Au\'elien Alvarez},
  title         = {Dimensions},
  year          = {2010},
  note          = {\url{http://www.dimensions-math.org/} (accessed 2015-10-19)}
 }

@misc{Sridharan,
  author        = {Sridharan, Karthik},
  title         = {A Gentle Introduction to Concentration Inequalities},
  note          = {\url{http://www.cs.cornell.edu/~sridharan/concentration.pdf}}
}

@incollection {vershynin12,
  author        = {Roman Vershynin},
  title         = {Introduction to the non-asymptotic analysis of random matrices},
  booktitle     = {Compressed sensing},
  publisher     = {Cambridge University Press},
  year          = {2012},
  pages         = {210--268},
	note	        = {\url{http://www-personal.umich.edu/~romanv/papers/non-asymptotic-rmt-plain.pdf}}
}
	
@article{schnorr1994bkz,
  author        = {Claus-Peter Schnorr and Martin Euchner},
  title         = {Lattice basis reduction: improved practical algorithms and solving subset sum problems},
  journal       = {Mathematical programming},
  publisher     = SV,
  volume        = {66},
  number        = {1-3},
  year          = {1994},
  pages         = {181--199},
  note          = {\url{http://www.csie.nuk.edu.tw/~cychen/Lattices/Lattice\%20Basis\%20Reduction_\%20Improved\%20Practical\%20Algorithms\%20and\%20Solving\%20Subset\%20Sum\%20Problems.pdf}},
}

@incollection{chen2011bkz,
  author        = {Yuanmi Chen and Phong Q. Nguyen},
  title         = {{BKZ 2.0}: Better lattice security estimates},
  booktitle     = {Advances in Cryptology -- {ASIACRYPT 2011}},
  editor        = {Dong Hoon Lee and Xiaoyun Wang},
  publisher     = SV,
  series        = LNCS,
  volume        = {7073},
  year          = {2011},
  pages         = {1--20},
  note          = {\url{http://www.iacr.org/archive/asiacrypt2011/70730001/70730001.pdf}},
}

@phdthesis{chen2013,
  author        = {Yuanmi Chen},
  title         = {Lattice reduction and concrete security of fully homomorphic encryption},
  year          = {2013},
	school        = {l'Universit\'e Paris Diderot},
  note          = {\url{http://www.di.ens.fr/~ychen/research/these.pdf}},
}

@article{nguyen2008sieve,
  author        = {Phong Q. Nguyen and Thomas Vidick},
  title         = {Sieve algorithms for the shortest vector problem are practical},
  journal       = {Journal of Mathematical Cryptology},
  volume        = {2},
  number        = {2},
  year          = {2008},
  pages         = {181--207},
  note          = {\url{ftp://ftp.di.ens.fr/pub/users/pnguyen/JoMC08.pdf}},
}

@inproceedings{laarhoven2015lsh,
  author        = {Laarhoven, Thijs},
  title         = {Sieving for shortest vectors in lattices using angular locality-sensitive hashing},
  booktitle     = {Advances in Cryptology -- {CRYPTO 2015}},
  editor        = {Rosiario Gennaro and Matthew Robshaw},
  publisher     = SV,
  series        = LNCS,
  volume        = {9216},
  year          = {2015},
  pages         = {3--22},
  note          = {\url{http://www.iacr.org/archive/crypto2015/92160123/92160123.pdf}},
}

@inproceedings{becker2015lsf,
  author        = {Anja Becker and L\'eo Ducas and Nicolas Gama and Thijs Laarhoven},
  title         = {New directions in nearest neighbor searching with applications to lattice sieving},
  booktitle     = {{SODA '16} Proceedings of the twenty-seventh annual {ACM-SIAM} symposium on Discrete Algorithms},
  publisher     = {SIAM},
  year          = {2016},
  pages         = {10--24},
  note          = {\url{https://eprint.iacr.org/2015/1128}},
}

@inproceedings{biasse2016efficient,
  author        = {Biasse, Jean-Fran{\c{c}}ois and Song, Fang},
  title         = {Efficient quantum algorithms for computing class groups and solving the principal ideal problem in arbitrary degree number fields},
  booktitle     = {{SODA '16} Proceedings of the twenty-seventh annual {ACM-SIAM} symposium on Discrete Algorithms},
  publisher     = {SIAM},
  year          = {2016},
  pages         = {893--902},
  note          = {\url{http://fangsong.info/files/pubs/BS_SODA16.pdf}}
}

@inproceedings{micciancio2010faster,
  author        = {Daniele Micciancio and Panagiotis Voulgaris},
  title         = {Faster exponential time algorithms for the shortest vector problem},
  booktitle     = {{SODA '10} Proceedings of the twenty-first annual {ACM-SIAM} symposium on Discrete Algorithms},
  publisher     = {SIAM},
  year          = {2010},
  pages         = {1468--1480},
  note          = {\url{https://cseweb.ucsd.edu/~daniele/papers/Sieve.pdf}},
}

@article{laarhoven2014quantum,
  author        = {Thijs Laarhoven and Michele Mosca and Joop van de Pol},
  title         = {Finding shortest lattice vectors faster using quantum search},
  journal       = {Designs, Codes and Cryptography},
  publisher     = SV,
  volume        = {77},
  number        = {2},
  year          = {2015},
  pages         = {375--400},
  note          = {\url{https://eprint.iacr.org/2014/907}},
}

@article{cerf2000nested,
  author        = {Nicolas J. Cerf and Lov K. Grover and Colin P. Williams},
  title         = {Nested quantum search and structured problems},
  journal       = {Physical Review A},
  publisher     = {APS},
  volume        = {61},
  number        = {3},
  pages         = {032303},
  year          = {2000},
}

@inproceedings{cowie1996world,
  author        = {James Cowie and Bruce Dodson and R. Marije Elkenbracht-Huizing and Arjen K. Lenstra and Peter L. Montgomery and Joerg Zayer},
  title         = {A world wide number field sieve factoring record: on to 512 bits},
  booktitle     = {Advances in Cryptology -- {ASIACRYPT'96}},
  editor        = {Kwangjo Kim and Tsutomu Matsumoto},
  publisher     = SV,
  series        = LNCS,
  volume        = {1163},
  year          = {1996},
  pages         = {382--394},
  note          = {\url{http://oai.cwi.nl/oai/asset/1940/1940A.pdf}}, 
}

@phdthesis{LaarhovenThesis,
  author        = {Laarhoven, Thijs},
  title         = {Search problems in cryptography},
  school        = {Eindhoven University of Technology} ,
  year          = {2015},
  note          = {\url{http://www.thijs.com/docs/phd-final.pdf}}
}

@misc{hoffstein2015choosing,
  author        = {Jeff Hoffstein and Jill Pipher and John M. Schanck and Joseph H. Silverman and William Whyte and Zhenfei Zhang},
  title         = {Choosing Parameters for {NTRUEncrypt}},
  howpublished  = {{IACR} Cryptology ePrint Archive report 2015/708},
  year          = {2015},
  note          = {\url{https://eprint.iacr.org/2015/708}}
}

@misc{montanaro2015quantum,
  author        = {Montanaro, Ashley},
  title         = {Quantum walk speedup of backtracking algorithms},
  howpublished  = {arXiv preprint arXiv:1509.02374},
  year          = {2015},
  note          = {\url{http://arxiv.org/pdf/1509.02374v2}}
}

@inproceedings{gentry2002cryptanalysis,
  author        = {Craig Gentry and Mike Szydlo},
  title         = {Cryptanalysis of the revised {NTRU} signature scheme},
  booktitle     = {Advances in Cryptology -- {EUROCRYPT 2002}},
  editor        = {Lars R. Knudsen},
  publisher     = SV,
  series        = LNCS,
  volume        = {2332},
  year          = {2002},
  pages         = {299--320},
  note          = {\url{https://www.iacr.org/archive/eurocrypt2002/23320295/nsssign_short3.pdf}}
}

@incollection{lenstra2014revisiting,
  author        = {Lenstra, H. W. and Silverberg, A.},
  title         = {Revisiting the {Gentry-Szydlo} Algorithm},
  booktitle     = {Advances in Cryptology -- {CRYPTO 2014}},
  editor        = {Juan A. Garay and Rosario Gennaro},
  publisher     = SV,
  series        = LNCS,
  volume        = {8616},
  pages         = {280--296},
  year          = {2014},
  note          = {\url{http://www.iacr.org/archive/crypto2014/86160106/86160106.pdf}}
}

@inproceedings{garg2013candidate,
  author        = {Sanjam Garg and Craig Gentry and Shai Halevi},
  title         = {Candidate Multilinear Maps from Ideal Lattices.},
  booktitle     = {Advances in Cryptology -- {EUROCRYPT 2013}},
  editor        = {},
  publisher     = SV,
  series        = LNCS,
  volume        = {7881},
  year          = {2013},
  pages         = {1--17},
  note          = {\url{http://www.iacr.org/archive/eurocrypt2013/78810001/78810001.pdf}}
}

@misc{nistir_draft_report_2016,
  author        = {Lily Chen and Stephen Jordan and Yi-Kai Liu and Dustin Moody and Rene Peralta and Ray Perlner and Daniel Smith-Tone},
  title         = {{NIST IR 8105} DRAFT Report on Post-Quantum Cryptography},
  year          = {2016},
  note          = {\url{http://csrc.nist.gov/publications/drafts/nistir-8105/nistir_8105_draft.pdf}}
}

@inproceedings{DBLP:conf/tcc/TarghiU16,
  author        = {Ehsan Ebrahimi Targhi and Dominique Unruh},
  title         = {Post-Quantum Security of the {F}ujisaki--{O}kamoto and {OAEP} Transforms},
  booktitle     = {Theory of Cryptography},
  editor        = {Martin Hirt and Adam Smith},
  publisher     = SV,
  series        = LNCS,
  volume        = {9986},
  year          = {2016},
  pages         = {192--216},
  note          = {\url{https://eprint.iacr.org/2015/1210}},
}

@inproceedings{HHK17,
  author        = {Dennis Hofheinz and Kathrin H{\"{o}}velmanns and Eike Kiltz},
  title         = {A Modular Analysis of the {F}ujisaki-{O}kamoto Transformation},
  booktitle     = {Theory of Cryptography},
  editor        = {Yael Kalai and Leonid Reyzin},
  publisher     = SV,
  series        = LNCS,
  year          = {2017},
  pages         = {341--371},
  note          = {\url{https://eprint.iacr.org/2017/604}},
}

@inproceedings{C:FujOka99,
  author        = {Eiichiro Fujisaki and Tatsuaki Okamoto},
  title         = {Secure Integration of Asymmetric and Symmetric Encryption Schemes},
  booktitle     = {Advances in Cryptology - {CRYPTO} '99},
  pages         = {537--554},
  year          = {1999},
  note          = {\url{https://link.springer.com/chapter/10.1007/3-540-48405-1_34}}
}

@article{CraSho03,
  author        = {Ronald Cramer and Victor Shoup},
  title         = {Design and Analysis of Practical Public-Key Encryption Schemes Secure against Adaptive Chosen Ciphertext Attack},
  journal       = {{SIAM} J. Comput.},
  volume        = {33},
  number        = {1},
  pages         = {167--226},
  year          = {2003},
  note          = {\url{http://www.shoup.net/papers/cca2.pdf}},
}

@inproceedings{aono2016improved,
  author        = {Aono, Yoshinori and Wang, Yuntao and Hayashi, Takuya and Takagi, Tsuyoshi},
  title         = {Improved progressive {BKZ} algorithms and their precise cost estimation by sharp simulator},
  booktitle     = {Advances in Cryptology -- {EUROCRYPT 2016}},
  editor        = {Marc Fischlin and Jean-S\'ebastien Coron},
  publisher     = SV,
  series        = LNCS,
  volume        = {9665},
  year          = {2016},
  pages         = {789--819},
  note          = {\url{https://eprint.iacr.org/2016/146}},
}

@inproceedings{aono2017random,
  author        = {Aono, Yoshinori and Nguyen, Phong Q},
  title         = {Random sampling revisited: lattice enumeration with discrete pruning},
  booktitle     = {Advances in Cryptology -- {EUROCRYPT 2017}},
  editor        = {Jean-S\'ebastien Coron and Jesper Buus Nielsen},
  publisher     = SV,
  series        = LNCS,
  volume        = {10211},
  year          = {2017},
  pages         = {65--102},
}

@article{fukase2015accelerated,
  author        = {Fukase, Masaharu and Kashiwabara, Kenji},
  title         = {An accelerated algorithm for solving {SVP} based on statistical analysis},
  journal       = {Journal of Information Processing},
  publisher     = {Information Processing Society of Japan},
  volume        = {23},
  number        = {1},
  year          = {2015},
  pages         = {67--80},
}

@inproceedings{mariano2017parallel,
  author        = {Mariano, Artur and Laarhoven, Thijs and Bischof, Christian},
  title         = {A Parallel Variant of {LDSieve} for the {SVP} on Lattices},
  booktitle     = {2017 25th Euromicro International Conference on Parallel, Distributed and Network-based Processing {(PDP)}},
  publisher     = {IEEE},
  year          = {2017},
  pages         = {23--30},
}

@inproceedings{albrecht2017revisiting,
  author        = {Albrecht, Martin R and G{\"o}pfert, Florian and Virdia, Fernando and Wunderer, Thomas},
  title         = {Revisiting the Expected Cost of Solving {uSVP} and Applications to {LWE}},
  booktitle     = {Advances in Cryptology -- {ASIACRYPT 2017}},
  editor        = {Tsuyoshi Takagi and Thomas Peyrin},
  publisher     = SV,
  series        = LNCS,
  volume        = {10211},
  year          = {2017},
  pages         = {65--102},
  note          = {\url{https://eprint.iacr.org/2017/815}}
}

@inproceedings{gama2008predicting,
  author        = {Gama, Nicolas and Nguyen, Phong},
  title         = {Predicting lattice reduction},
  booktitle     = {Advances in Cryptology -- {EUROCRYPT 2008}},
  editor        = {Nigel Smart},
  publisher     = SV,
  series        = LNCS,
  volume        = {4965},
  year          = {2008},
  pages         = {31--51},
  note          = {\url{https://www.iacr.org/archive/eurocrypt2008/49650031/49650031.pdf}},
}

@inproceedings{campbell2014soliloquy,
  author        = {Campbell, Peter and Groves, Michael and Shepherd, Dan},
  title         = {Soliloquy: A cautionary tale},
  booktitle     = {{ETSI} 2nd Quantum-Safe Crypto Workshop},
  year          = {2014},
  pages         = {1--9},
  note          = {\url{https://docbox.etsi.org/workshop/2014/201410_CRYPTO/S07_Systems_and_Attacks/S07_Groves_Annex.pdf}},
}

@inproceedings{cramer2016recovering,
  author        = {Cramer, Ronald and Ducas, L{\'e}o and Peikert, Chris and Regev, Oded},
  title         = {Recovering short generators of principal ideals in cyclotomic rings},
  booktitle     = {Advances in Cryptology -- {EUROCRYPT 2016}},
  editor        = {Marc Fischlin and Jean-S\'ebastien Coron},
  publisher     = SV,
  series        = LNCS,
  volume        = {9666},
  year          = {2016},
  pages         = {559--585},
  note          = {\url{https://eprint.iacr.org/2015/313}},
}

@inproceedings{cramer2017short,
  author        = {Cramer, Ronald and Ducas, L{\'e}o and Wesolowski, Benjamin},
  title         = {Short {Stickelberger} class relations and application to {Ideal-SVP}},
  booktitle     = {Advances in Cryptology -- {EUROCRYPT 2017}},
  editor        = {Jean-S\'ebastien Coron and Jesper Buus Nielsen},
  publisher     = SV,
  series        = LNCS,
  volume        = {10210},
  year          = {2017},
  pages         = {324--348},
  note          = {\url{https://eprint.iacr.org/2016/885}}
}

@inproceedings{EC:KirchnerFouque17,
  author        = {Paul Kirchner and Pierre{-}Alain Fouque},
  title         = {Revisiting Lattice Attacks on Overstretched {NTRU} Parameters},
  booktitle     = {Advances in Cryptology -- {EUROCRYPT 2017}},
  editor        = {Jean-S\'ebastien Coron and Jesper Buus Nielsen},
  publisher     = SV,
  series        = LNCS,
  volume        = {10210},
  year          = {2017},
  pages         = {3--26},
  note          = {\url{https://www.di.ens.fr/~fouque/euro17a.pdf}}
}

@article{lenstra1975euclid,
  author        = {Lenstra, Hendrik W},
  title         = {{E}uclid's algorithm in cyclotomic fields},
  journal       = {Journal of the London Mathematical Society},
  publisher     = {Wiley Online Library},
  volume        = {2},
  number        = {4},
  year          = {1975},
  pages         = {457--465},
}

@inproceedings{fitzpatrick2014tuning,
  author        = {Fitzpatrick, Robert and Bischof, Christian and Buchmann, Johannes and Dagdelen, 
                   {\"O}zg{\"u}r and G{\"o}pfert, Florian and Mariano, Artur and Yang, Bo-Yin},
  title         = {Tuning {GaussSieve} for speed},
  booktitle     = {Progress in Cryptology -- {LATINCRYPT 2014}},
  editor        = {Diego F. Aranha and Alfred Menezes},
  publisher     = SV,
  series        = LNCS,
  volume        = {8895},
  year          = {2014},
  pages         = {288--305},
}

@article{banaszczyk1993new,
  author        = {Banaszczyk, Wojciech},
  title         = {New bounds in some transference theorems in the geometry of numbers},
  journal       = {Mathematische Annalen},
  publisher     = SV,
  volume        = {296},
  number        = {1},
  year          = {1993},
  pages         = {625--635},
}


@inproceedings{alwen2013learning,
  author        = {Alwen, Jo{\"e}l and Krenn, Stephan and Pietrzak, Krzysztof and Wichs, Daniel},
  title         = {Learning with rounding, revisited},
  booktitle     = {Advances in Cryptology -- {CRYPTO 2013}},
  editor        = {Ran Canetti and Juan A. Garay},
  publisher     = SV,
  series        = LNCS,
  volume        = {8042},
  year          = {2013},
  pages         = {57--74},
  note          = {\url{https://eprint.iacr.org/2013/098}},
}

@article{DCC:LS15,
  author        = {Langlois, Adeline and Stehl{\'e}, Damien},
  title         = {Worst-case to average-case reductions for module lattices},
  journal       = {Designs, Codes and Cryptography},
  publisher     = SV,
  volume        = {75},
  number        = {3},
  year          = {2015},
  pages         = {565--599},
  note          = {\url{https://eprint.iacr.org/2012/090}},
}

@inproceedings{banerjee2012pseudorandom,
  author        = {Banerjee, Abhishek and Peikert, Chris and Rosen, Alon},
  title         = {Pseudorandom functions and lattices},
  booktitle     = {Advances in Cryptology -- {EUROCRYPT 2012}},
  editor        = {David Pointcheval and Thomas Johansson},
  publisher     = SV,
  series        = LNCS,
  volume        = {7237},
  year          = {2012},
  pages         = {719--737},
  note          = {\url{http://www.iacr.org/archive/eurocrypt2012/72370713/72370713.pdf}},
}


@misc{BCLV16,
  author        = {Daniel J. Bernstein and Chitchanok Chuengsatiansup and Tanja Lange and Christine van Vredendaal},
  title         = {{NTRU} {P}rime},
  howpublished  = {{IACR} Cryptology ePrint Archive report 2016/461},
  year          = {2016},
  note          = {\url{https://eprint.iacr.org/2016/461}},
}

@misc{PLP16,
  author        = {Rafael del Pino and Vadim Lyubashevsky and David Pointcheval },
  title         = {The Whole is Less than the Sum of its Parts: Constructing More Efficient Lattice-Based {AKEs}},
  howpublished  = {{IACR} Cryptology ePrint Archive report 2016/435},
  year          = {2016},
  note          = {\url{https://eprint.iacr.org/2016/435}},
}
     
@misc{LN16,
  author        = {Patrick Longa and Michael Naehrig},
  title         = {Speeding up the Number Theoretic Transform for Faster Ideal Lattice-Based Cryptography},
  howpublished  = {{IACR} Cryptology ePrint Archive report 2016/504},
  year          = {2016},
  note          = {\url{https://eprint.iacr.org/2016/504}},
}
		
@misc{GS16,
  author        = {Shay Gueron and Fabian Schlieker},
  title         = {Speeding up {R-LWE} post-quantum key exchange},
  howpublished  = {{IACR} Cryptology ePrint Archive report 2016/467},
  year          = {2016},
  note          = {\url{https://eprint.iacr.org/2016/467}},
}

@misc{OSPG16,
  author        = {Tobias Oder and Tobias Schneider and Thomas P\"{o}ppelmann and Tim G\"{u}neysu},
  title         = {Practical {CCA2}-Secure and Masked {Ring-LWE} Implementation},
  howpublished  = {{IACR} Cryptology ePrint Archive report 2016/1109},
  year          = {2016},
  note          = {\url{https://eprint.iacr.org/2016/1109}},
}

@misc{Flu16,
  author        = {Scott Fluhrer},
  title         = {Cryptanalysis of ring-{LWE} based key exchange with key share reuse},
  howpublished  = {{IACR} Cryptology ePrint Archive report 2016/085},
  year          = {2016},
  note          = {\url{https://eprint.iacr.org/2016/085}},
}

@misc{ding2012eprint,
  author        = {Jintai Ding},
  title         = {New cryptographic constructions using generalized learning with errors problem},
  howpublished  = {{IACR} Cryptology ePrint Archive report 2012/387},
  year          = {2012},
  note          = {\url{https://eprint.iacr.org/2012/387}},
}

@misc{Gue14,
  author        = {Shay Gueron},
  title         = {Parallelized hashing via j-lanes and j-pointers tree modes, with applications to {SHA-256}},
  howpublished  = {{IACR} Cryptology ePrint Archive report 2014/170},
  year          = {2014},
  note          = {\url{https://eprint.iacr.org/2014/170}},
}

@misc{bernstein2014bada55,
  author        = {Daniel J. Bernstein and Tung Chou and  Chitchanok Chuengsatiansup and Andreas H{\"u}lsing and Tanja Lange and Ruben Niederhagen and Christine van Vredendaal},
  title         = {How to manipulate curve standards: a white paper for the black hat},
  howpublished  = {{IACR} Cryptology ePrint Archive report 2014/571},
  year          = {2014},
  note          = {\url{https://eprint.iacr.org/2014/571}}
}

@misc{Melchor2014expire,
  author        = {Carlos Aguilar Melchor and Joris Barrier and Laurent Fousse and Marc{-}Olivier Killijian},
  title         = {{XPIRe}: Private Information Retrieval for Everyone},
  howpublished  = {{IACR} Cryptology ePrint Archive report 2014/1025},
  year          = {2014},
	note          = {\url{https://eprint.iacr.org/2014/1025}}
}

@misc{ghosh2015lwetor,
  author        = {Satrajit Ghosh and Aniket Kate},
  title         = {Post-Quantum Secure Onion Routing (Future Anonymity in Today's Budget)},
  howpublished  = {{IACR} Cryptology ePrint Archive report 2015/008},
  year          = {2015},
  note          = {\url{https://eprint.iacr.org/2015/008}},
}

@misc{hanrot2011terminating,
  author        = {Guillaume Hanrot and Xavier Pujol and Damien Stehl\'e},
  title         = {Terminating {BKZ}},
  howpublished  = {{IACR} Cryptology ePrint Archive report 2011/198},
  year          = {2011},
  note          = {\url{https://eprint.iacr.org/2011/198}}
}

@article{albrecht2015concrete,
  author        = {Martin R. Albrecht and Rachel Player and Sam Scott},
  title         = {On the concrete hardness of Learning with Errors},
  journal       = {J. Mathematical Cryptology},
  volume        = {9},
  number        = {3},
  pages         = {169--203},
  year          = {2015},
  note          = {\url{https://eprint.iacr.org/2015/046}}
}

@misc{cryptoeprint:2016:085,
  author        = {Scott Fluhrer},
  title         = {Cryptanalysis of ring-{LWE} based key exchange with key share reuse},
  howpublished  = {{IACR} Cryptology ePrint Archive report 2016/085},
  year          = {2016},
  note          = {\url{https://eprint.iacr.org/2016/085}},
}

@misc{bai2016subfield,
  author        = {Albrecht, Martin and Bai, Shi and Ducas, L{\'e}o},
  title         = {A subfield lattice attack on overstretched {NTRU} assumptions},
  howpublished  = {{IACR} Cryptology ePrint Archive report 2016/127},
  year          = {2016},
  note          = {\url{https://eprint.iacr.org/2016/127}}
}

@misc{EPRINT:DinXieLin12,
  author        = {Ding, Jintai and Xie, Xiang and Lin, Xiaodong},
  title         = {A Simple Provably Secure Key Exchange Scheme Based on the Learning with Errors Problem},
  howpublished  = {{IACR} Cryptology ePrint Archive report 2012/688},
  year          = {2012},
  note          = {\url{https://eprint.iacr.org/2012/688}}
}

@misc{DBLP:journals/iacr/AlkimDPS16,
  author        = {Erdem Alkim and L{\'{e}}o Ducas and Thomas P{\"{o}}ppelmann and Peter Schwabe},
  title         = {{\sc NewHope} without reconciliation},
  howpublished  = {{IACR} Cryptology ePrint Archive report 2016/1157},
  year          = {2016},
  url           = {\url{https://eprint.iacr.org/2016/1157}},
}

@misc{EPRINT:HofHovKil17,
  author        = {Dennis Hofheinz and Kathrin H{\" o}velmanns and Eike Kiltz},
  title         = {A Modular Analysis of the {F}ujisaki--{O}kamoto Transformation},
  howpublished  = {{IACR} Cryptology ePrint Archive report 2017/604},
  year          = {2017},
  note          = {\url{https://eprint.iacr.org/2017/604}},
}

@misc{cryptoeprint:2017:1005,
  author        = {Tsunekazu Saito and Keita Xagawa and Takashi Yamakawa},
  title         = {Tightly-Secure Key-Encapsulation Mechanism in the Quantum Random Oracle Model},
  howpublished  = {{IACR} Cryptology ePrint Archive report 2017/1005},
  year          = {2017},
  note          = {\url{https://eprint.iacr.org/2017/1005}},
}

@inproceedings{ABD+15,
  author        = {David Adrian and Karthikeyan Bhargavan and Zakir Durumeric and Pierrick Gaudry and
                  Matthew Green and J. Alex Halderman and Nadia Heninger and Drew Springall and
                  Emmanuel Thom{\'{e}} and Luke Valenta and Benjamin VanderSloot and Eric Wustrow and
                  Santiago Zanella B{\'{e}}guelin and Paul Zimmermann},
  title         = {Imperfect Forward Secrecy: How {Diffie-Hellman} Fails in Practice},
  booktitle     = {{CCS '15} Proceedings of the 22nd {ACM SIGSAC} Conference on Computer and Communications Security},
  publisher     = {{ACM}},
	year          = {2015},
  pages         = {5--17},
  note          = {\url{https://weakdh.org}},
}

@inproceedings{BCD+16,
  author        = {Joppe Bos and Craig Costello and L{\'{e}}o Ducas and Ilya Mironov and
                   Michael Naehrig and Valeria Nikolaenko and Ananth Raghunathan and Douglas Stebila},
  title         = {Frodo: Take off the ring! Practical, Quantum-Secure Key Exchange from {LWE}},
  booktitle     = {{CCS '16} Proceedings of the 2016 {ACM SIGSAC} Conference on Computer and Communications Security},
  publisher     = {{ACM}},
  year          = {2016},
  pages         = {1006--1018},
  note          = {\url{https://eprint.iacr.org/2016/659}},
}

@inproceedings{PBY17,
  author        = {Peter Pessl and Leon Groot Bruinderink and Yuval Yarom},
  title         = {To {BLISS-B} or not to be -- Attacking {strongSwan}’s Implementation of Post-Quantum Signatures},
  booktitle     = {{CCS '17} Proceedings of the 2017 {ACM SIGSAC} Conference on Computer and Communications Security},
  publisher     = {{ACM}},
  year          = {2017},
  pages         = {1843--1855},
  note          = {\url{https://eprint.iacr.org/2017/490}},
}

@inproceedings{EFGT17,
  author        = {Thomas Espitau and Pierre-Alain Fouque and Beno\"it G\'erard and Mehdi Tibouchi},
  title         = {Side-Channel Attacks on {BLISS} Lattice-Based Signatures: Exploiting Branch Tracing Against strongSwan and Electromagnetic Emanations in Microcontrollers},
  booktitle     = {{CCS '17} Proceedings of the 2017 {ACM SIGSAC} Conference on Computer and Communications Security},
  publisher     = {{ACM}},
  year          = {2017},
  pages         = {1857--1874},
  note          = {\url{https://eprint.iacr.org/2017/505}},
}

@inproceedings{Fujioka2013authkex,
  author        = {Atsushi Fujioka and Koutarou Suzuki and Keita Xagawa and Kazuki Yoneyama},
  title         = {Practical and post-quantum authenticated key exchange from one-way secure key encapsulation mechanism},
  booktitle     = {{ASIA CCS '13} Proceedings of the 8th {ACM SIGSAC} symposium on Information, computer and communications security},
	editor        = {Kefei Chen and Qi Xie and Weidong Qiu and Ninghui Li and Wen{-}Guey Tzeng},
  publisher     = {{ACM}},
  year          = {2013},
  pages         = {83--94},
}

@inproceedings{gentry2009fhe,
  author        = {Craig Gentry},
  title         = {Fully homomorphic encryption using ideal lattices},
  booktitle     = {{STOC '09} Proceedings of the forty-first annual {ACM} symposium on Theory of computing},
  publisher     = {{ACM}},
  year          = {2009},
  pages         = {169--178},
  note          = {\url{https://www.cs.cmu.edu/~odonnell/hits09/gentry-homomorphic-encryption.pdf}},
}

@inproceedings{regev2005lattices,
  author        = {Oded Regev},
  title         = {On lattices, learning with errors, random linear codes, and cryptography},
  booktitle     = {{STOC '05} Proceedings of the thirty-seventh annual {ACM} symposium on Theory of computing},
  publisher     = {{ACM}},
  year          = {2005},
  pages         = {84--93},
  note          = {Preliminary version of~\cite{regev2009lwe}.}
}

@inproceedings{gentry2008trapdoors,
  author        = {Craig Gentry and Chris Peikert and Vinod Vaikuntanathan},
  title         = {Trapdoors for hard lattices and new cryptographic constructions},
  booktitle     = {{STOC '08} Proceedings of the fortieth annual {ACM} symposium on Theory of computing},
  publisher     = {{ACM}},
  year          = {2008},
  pages         = {197--206},
  note          = {\url{https://eprint.iacr.org/2007/432}},
}

@inproceedings{Pei09a,
  author        = {Chris Peikert},
  title         = {Public-key cryptosystems from the worst-case shortest vector problem: extended abstract},
  booktitle     = {{STOC '09} Proceedings of the forty-first annual {ACM} symposium on Theory of computing},
  publisher     = {ACM},
  year          = {2009},
  pages         = {333--342},
  note          = {See also full version \cite{Pei09b}},
}

@inproceedings{eisentrager2014quantum,
  author        = {Eisentr{\"a}ger, Kirsten and Hallgren, Sean and Kitaev, Alexei and Song, Fang},
  title         = {A quantum algorithm for computing the unit group of an arbitrary degree number field},
  booktitle     = {{STOC '14} Proceedings of the forty-sixth annual {ACM} symposium on Theory of computing},
  publisher     = {{ACM}},
  year          = {2014},
  pages         = {293--302},
  note          = {\url{http://www.personal.psu.edu/kxe8/unitgroup.pdf}}
}

@inproceedings{brakerski2013classical,
  author        = {Zvika Brakerski and Adeline Langlois and Chris Peikert and Oded Regev and Damien Stehl{\'e}},
  title         = {Classical hardness of learning with errors},
  booktitle     = {{STOC '13} Proceedings of the forty-fifth annual {ACM} symposium on Theory of computing},
  publisher     = {ACM},
  year          = {2013},
  pages         = {575--584},
  note          = {\url{http://arxiv.org/pdf/1306.0281}},
}

@inproceedings{STOC:PeiRegSte17,
  author        = {Chris Peikert and Oded Regev and Noah Stephens{-}Davidowitz},
  title         = {Pseudorandomness of ring-{LWE} for any ring and modulus},
  booktitle     = {{STOC 2017} Proceedings of the 49th Annual {ACM SIGACT} Symposium on Theory of Computing},
  publisher     = {{ACM}},
  year          = {2017},
  pages         = {461--473},
  note          = {\url{https://eprint.iacr.org/2017/258}}
}
 
@inproceedings{BGV12,
  author        = {Zvika Brakerski and Craig Gentry and Vinod Vaikuntanathan},
  title         = {({L}eveled) fully homomorphic encryption without bootstrapping},
  booktitle     = {{ITCS '12} Proceedings of the 3rd Innovations in Theoretical Computer Science Conference},
  publisher     = {{ACM}},
  year          = {2012},
  pages         = {309--325},
  note          = {\url{https://eprint.iacr.org/2011/277}}
}

@article{lyubashevsky2013RLWE,
  author        = {Vadim Lyubashevsky and Chris Peikert and Oded Regev},
  title         = {On ideal lattices and learning with errors over rings},
  journal       = {Journal of the ACM},
  publisher     = {ACM},
  volume        = {60},
  number        = {6},
  year          = {2013},
  pages         = {43:1--43:35},
  note          = {\url{http://www.cims.nyu.edu/~regev/papers/ideal-lwe.pdf}},
}

@article{regev2009lwe,
  author        = {Oded Regev},
  title         = {On lattices, learning with errors, random linear codes, and cryptography},
  journal       = {Journal of the ACM},
  publisher     = {ACM},
  volume        = {56},
  number        = {6},
  pages         = {34},
  year          = {2009},
  note          = {\url{http://www.cims.nyu.edu/~regev/papers/qcrypto.pdf}},
}

@misc{VadimPQCSlides,
  author        = {Vadim Lyubashevsky},
  title         = {Standardizing Lattice Crypto and Beyond},
  howpublished  = {Slides of the talk given by Vadim Lyubashevsky at PQCrypto 2017},
  year          = {2017},
  note          = {\url{https://2017.pqcrypto.org/conference/slides/pqc_2017_lattice.pdf}},
}

@inproceedings{PVW08,
  author        = {Chris Peikert and Vinod Vaikuntanathan and Brent Waters},
  title         = {A Framework for Efficient and Composable Oblivious Transfer},
  booktitle     = {Advances in Cryptology -- {CRYPTO 2008}},
  editor        = {David A. Wagner},
  publisher     = SV,
  series        = LNCS,
  volume        = {5157},
  year          = {2008},
  pages         = {554--571},
  note          = {\url{https://www.iacr.org/archive/crypto2008/51570556/51570556.pdf}},
}

@inproceedings{LPR13,
  author        = {Vadim Lyubashevsky and Chris Peikert and Oded Regev},
  title         = {A Toolkit for {R}ing-{LWE} Cryptography},
  booktitle     = {Advances in Cryptology -- {EUROCRYPT} 2013},
  editor        = {Thomas Johansson and Phong Q. Nguyen},
  publisher     = SV,
  series        = LNCS,
  volume        = {7881},
  year          = {2013},
  pages         = {35--54},
  note          = {\url{http://www.iacr.org/archive/eurocrypt2013/78810035/78810035.pdf}}
}

@inproceedings{CJLNRU17,
  author        = {Craig Costello and David Jao and Patrick Longa and Michael Naehrig and Joost Renes and David Urbanik},
  editor        = {Jean{-}S{\'{e}}bastien Coron and Jesper Buus Nielsen},
  title         = {Efficient Compression of {SIDH} Public Keys},
  booktitle     = {Advances in Cryptology -- {EUROCRYPT} 2017},
  publisher     = SV,
  series        = LNCS,
  volume        = {10210},
  year          = {2017},
  pages         = {679--706},
  note          = {\url{https://eprint.iacr.org/2016/963}}
}

@inproceedings{JF11,
  author        = {David Jao and Luca De Feo},
  title         = {Towards Quantum-Resistant Cryptosystems from Supersingular Elliptic Curve Isogenies},
  booktitle     = {Post-Quantum Cryptography -- PQCrypto 2011},
  editor        = {Bo-Yin Yang},
  publisher     = SV,
  series        = LNCS,
  volume        = {7071},
  year          = {2011},
  pages         = {19--34},
  note          = {\url{https://eprint.iacr.org/2011/506}},
}

@inproceedings{DBLP:conf/scn/Peikert16,
  author        = {Chris Peikert},
  title         = {How (Not) to Instantiate {Ring-LWE}},
  booktitle     = {Security and Cryptography for Networks},
  editor        = {Vassilis Zikas and Roberto De Prisco},
  publisher     = SV,
  series        = LNCS,
  volume        = {9841},
  year          = {2016},
  pages         = {411--430},
  note          = {\url{https://web.eecs.umich.edu/~cpeikert/pubs/instantiate-rlwe.pdf}},
}

@misc{bearssl,
  author        = {Thomas Pornin},
  title         = {{BearSSL} -- a smaller {SSL/TLS} library},
  year          = {2018},
  note          = {\url{https://bearssl.org/} (accessed 2019-03-15)},
}
